@inproceedings{rakshit2019debbie,
  title={Debbie, the debate bot of the future},
  author={Rakshit, G. and Bowden, K. K. and Reed, L. and Misra, A. and Walker, M.},
  booktitle={Advanced Social Interaction with Agents: 8th International Workshop on Spoken Dialog Systems},
  pages={45--52},
  year={2019},
  publisher={Springer}
}

@inproceedings{tan2016winning,
  title={Winning arguments: Interaction dynamics and persuasion strategies in good-faith online discussions},
  author={Tan, C. and Niculae, V. and Danescu-Niculescu-Mizil, C. and Lee, L.},
  booktitle={Proceedings of the 25th International Conference on World Wide Web},
  pages={613--624},
  year={2016}
}

@mastersthesis{kulatska2019arguebot,
  title={ArgueBot: Enabling debates through a hybrid retrieval-generation-based chatbot},
  author={Kulatska, I.},
  school={University of Twente},
  year={2019}
}

@incollection{chalaguine2020persuasive,
  title={A persuasive chatbot using a crowdsourced argument graph and concerns},
  author={Chalaguine, L. A. and Hunter, A.},
  booktitle={Computational Models of Argument},
  pages={9--20},
  year={2020},
  publisher={IOS Press}
}

@article{sakai2020hierarchical,
  title={Hierarchical argumentation structure for persuasive argumentative dialogue generation},
  author={Sakai, K. and Higashinaka, R. and Yoshikawa, Y. and Ishiguro, H. and Tomita, J.},
  journal={IEICE Transactions on Information and Systems},
  volume={103},
  number={2},
  pages={424--434},
  year={2020},
  publisher={The Institute of Electronics, Information and Communication Engineers}
}

@inproceedings{engelmann2022argumentation,
  title={Argumentation as a method for explainable AI: A systematic literature review},
  author={Engelmann, D. and Damasio, J. and Panisson, A. R. and Mascardi, V. and Bordini, R. H.},
  booktitle={17th IEEE Iberian Conference on Information Systems and Technologies (CISTI)},
  pages={1--6},
  year={2022},
  publisher={IEEE}
}

@inproceedings{ilkou2020symbolic,
  title={Symbolic vs Sub-symbolic AI Methods: Friends or Enemies?},
  author={Ilkou, E. and Koutraki, M.},
  booktitle={Proceedings of the CIKM 2020 Workshops},
  year={2020},
  organization={CEUR Workshop Proceedings},
  note={Accessed: Mar. 23, 2025},
  url={http://ceur-ws.org}
}

@inproceedings{ali2022supportattack,
  title={Constructing a dataset of support and attack relations in legal arguments in court judgements using linguistic rules},
  author={Ali, B. and Pawar, S. and Palshikar, G. K. and Singh, R.},
  booktitle={Proceedings of the 13th Conference on Language Resources and Evaluation (LREC 2022)},
  pages={491--500},
  year={2022},
  organization={European Language Resources Association (ELRA)},
  note={Retrieved from \url{https://www.elra.info}}
}

@article{montealto2021rulebased,
  title={A rule-based argumentation framework for distributed contextual reasoning in dynamic environments},
  author={Monte-Alto, H. H. L. C. and Possebom, A. T. and Morveli-Espinoza, M. M. M. and Tacla, C. A.},
  journal={DYNA},
  volume={88},
  number={217},
  pages={120--130},
  year={2021},
  doi={10.15446/dyna.v88n217.90858}
}

@article{kasif2024trilogy,
  title={A Trilogy of AI Safety Frameworks: Paths from Facts and Knowledge Gaps to Reliable Predictions and New Knowledge},
  author={Kasif, S.},
  journal={arXiv preprint arXiv:2410.06946},
  year={2024},
  note={Department of Biomedical Engineering, Program in Bioinformatics, Department of Computer Science, Boston University},
  url={https://arxiv.org/abs/2410.06946}
}
