@inproceedings{rakshit2019debbie,
  title={Debbie, the debate bot of the future},
  author={Rakshit, Geetanjali and Bowden, Kevin K and Reed, Lena and Misra, Amita and Walker, Marilyn},
  booktitle={Advanced Social Interaction with Agents: 8th International Workshop on Spoken Dialog Systems},
  pages={45--52},
  year={2019},
  organization={Springer}
}


@inproceedings{tan2016winning,
  title={Winning arguments: Interaction dynamics and persuasion strategies in good-faith online discussions},
  author={Tan, Chenhao and Niculae, Vlad and Danescu-Niculescu-Mizil, Cristian and Lee, Lillian},
  booktitle={Proceedings of the 25th international conference on world wide web},
  pages={613--624},
  year={2016}
}

@mastersthesis{kulatska2019arguebot,
  title={Arguebot: Enabling debates through a hybrid retrieval-generation-based chatbot},
  author={Kulatska, Iryna},
  year={2019},
  school={University of Twente}
}

@incollection{chalaguine2020persuasive,
  title={A persuasive chatbot using a crowd-sourced argument graph and concerns},
  author={Chalaguine, Lisa A and Hunter, Anthony},
  booktitle={Computational Models of Argument},
  pages={9--20},
  year={2020},
  publisher={IOS Press}
}

@article{sakai2020hierarchical,
  title={Hierarchical argumentation structure for persuasive argumentative dialogue generation},
  author={Sakai, Kazuki and Higashinaka, Ryuichiro and Yoshikawa, Yuichiro and Ishiguro, Hiroshi and Tomita, Junji},
  journal={IEICE TRANSACTIONS on Information and Systems},
  volume={103},
  number={2},
  pages={424--434},
  year={2020},
  publisher={The Institute of Electronics, Information and Communication Engineers}
}

@inproceedings{engelmann2022argumentation,
  title={Argumentation as a method for explainable AI: A systematic literature review},
  author={Engelmann, D{\'e}bora and Damasio, Juliana and Panisson, Alison R and Mascardi, Viviana and Bordini, Rafael H},
  booktitle={2022 17th Iberian Conference on Information Systems and Technologies (CISTI)},
  pages={1--6},
  year={2022},
  organization={IEEE}
}
